<?xml version="1.0" encoding="UTF-8"?><collection xmlns="http://www.loc.gov/MARC21/slim"><record><leader>00462nam--2200157-i-4500</leader><controlfield tag="001">000024908</controlfield><controlfield tag="002">20161230</controlfield><controlfield tag="005">20170225185636</controlfield><controlfield tag="008">060222s1000------------r-----000-0-eng-d</controlfield><datafield ind1=" " ind2=" " tag="100"><subfield code="a">Cronstrom, C</subfield></datafield><datafield ind1=" " ind2=" " tag="245"><subfield code="a">Generalized Levinson s theorem and the n/d factorization with inelasticity</subfield></datafield><datafield ind1=" " ind2=" " tag="260"><subfield code="a">Helsinki</subfield><subfield code="b">University</subfield><subfield code="c">1968</subfield></datafield><datafield ind1=" " ind2=" " tag="300"><subfield code="a">21 p</subfield></datafield><datafield ind1=" " ind2=" " tag="490"><subfield code="a">Research Institute For Theoretical Physics, 1968</subfield></datafield><datafield ind1=" " ind2=" " tag="852"><subfield code="a">539.12.01</subfield></datafield><datafield ind1=" " ind2=" " tag="CAT"><subfield code="a">SYS</subfield><subfield code="c">20170225</subfield><subfield code="h">185636</subfield></datafield></record></collection>